%% Wouldn't it just be great if there were included URLs to the articles??? 

@article{RefWorks:26,
	author={F. Chang and J. Dean and S. Ghemawat and W. C. Hsieh and D. A. Wallach and M. Burrows and T. Chandra and A. Fikes and R. E. Gruber},
	year={2008},
	title={Bigtable: A distributed storage system for structured data},
	journal={ACM Trans.Comput.Syst.},
	volume={26},
	number={2},
	abstract={Bigtable is a distributed storage system for managing structured data that is designed to scale to a very large size: petabytes of data across thousands of commodity servers. Many projects at Google store data in Bigtable, including web indexing, Google Earth, and Google Finance. These applications place very different demands on Bigtable, both in terms of data size (from URLs to web pages to satellite imagery) and latency requirements (from backend bulk processing to real-time data serving). Despite these varied demands, Bigtable has successfully provided a flexible, high-performance solution for all of these Google products. In this article, we describe the simple data model provided by Bigtable, which gives clients dynamic control over data layout and format, and we describe the design and implementation of Bigtable. © 2008 ACM.},
	keywords={Large-scale distributed storage; Data storage equipment; Internet; Satellite imagery; Commodity servers; Data layouts; Data modelling; Data size; Distributed storage systems; Dynamic controls; Google Earth; Large sizes; Petabytes (PB); Real-time data; Structured data; Web indexing; Web pages; Data processing},
	isbn={07342071},
	language={English}
}
}

@article{RefWorks:28,
	author={G. Krasner and S. Pope},
	year={1988},
	title={A cookbook for using the model-view controller user interface paradigm in Smalltalk-80},
	journal={J.Object Oriented Program.},
	volume={1},
	number={3},
	pages={26-49},
	isbn={0896-8438}
}


@Comment http://en.wikipedia.org/wiki/Citing_Wikipedia#BibTeX_entry
@Comment http://www.tex.ac.uk/cgi-bin/texfaq2html?label=citeURL


@incollection{sa:bass-ch2,
	author = {L. Bass and P. Clements and R. Kazman},
	booktitle = {Software Architecture in Practice},
        chapter = {2},
        pages = {19--46},
        publisher = {Addison-Wesley},
        edition = {second},
	year = {2003}
}
@article{rest:Fielding02,
    author = {R. T. Fielding and R. N. Taylor},
    title = {Principled Design of the Modern Web Architecture},
    journal = {ACM Transactions on Internet Technology},
    year = {2002},
    volume = {2},
    pages = {115--150},
    url = {\url{http://www.ics.uci.edu/~taylor/documents/2002-REST-TOIT.pdf}}
}

@article{haversine:sinnott,
  author = {R. W. Sinnott},
  title = {Virtues of the Haversine},
  journal = {Sky and Telescope},
  year = {1984},
  pages = {159},
  volume = {68},
  howpublished =  {\\{\footnotesize\textsc{url:}}\url{http://daimi.au.dk/~dam/thesis/Sky_and_Telescope_1984.pdf}},
}

@misc{gis:haversine,
  author = {L. W. Nyman and R. G. Chamberlain},
  title = {Geographic Information Systems FAQ},
  howpublished = {\\{\footnotesize\textsc{url:}}\url{http://http://www.faqs.org/faqs/geography/infosystems-faq/}},
  year = {1997},
  note =  {\\{\footnotesize [Online; accessed 4-June-2009]}}
}

@misc{wiki:haversine,
  author = {Wikipedia},
  title = {Haversine Formula},
  howpublished = {\\{\footnotesize\textsc{url:}}\url{http://en.wikipedia.org/wiki/Haversine_formula}},
  year = {2009},
  note = {\\{\footnotesize [Online; accessed 18-June-2009]}}
}

@misc{wiki:usingwebapp,
  author = {Google},
  title = {Using the webapp Framework},
  howpublished = {\\{\footnotesize\textsc{url:}}\url{http://code.google.com/intl/da/appengine/docs/gettingstarted/usingwebapp.html}},
  year = {2008},
  note = {\\{\footnotesize [Online; accessed 3-January-2009]}}
}


@article{sa:arch_desc,
    author = {H. B. Christensen and A. Corry and K. M. Hansen},
    title = {An Approach to Software Architecture Description Using UML},
    year = {2004}
}

@book{rest:webservice,
	author = {L. Richardson and S. Ruby },
	howpublished = {Paperback},
	isbn = {0596529260},
	publisher = {O'Reilly Media, Inc.},
	title = {RESTful Web Services},
	year = {2007}
}

@misc{Google:cgi,
  author = {Google},
  title = {Requests and CGI},
  year = {2008},
  howpublished = {\\{\footnotesize\textsc{url:}}\url{http://code.google.com/intl/da/appengine/docs/python/requestsandcgi.html}},
  note = {\\{\footnotesize [Online; accessed 3-January-2009]}}
}

@misc{Google:usingwebapp,
  author = {Google},
  title = {Using the webapp Framework},
  year = {2008},
  howpublished = {\\{\footnotesize\textsc{url:}}\url{http://code.google.com/intl/da/appengine/docs/gettingstarted/usingwebapp.html}},
  note = {\\{\footnotesize [Online; accessed 3-January-2009]}}
}

@misc{Google:campfire,
  author = {Google},
  title = {Google App Engine Campfire One Transcript},
  year = {2008},
  howpublished = {\\{\footnotesize\textsc{url:}}\url{http://code.google.com/appengine/articles/cf1-text.html}},
  note = {\\{\footnotesize [Online; accessed 30-January-2009]}}
}

@misc{Google:quota,
  author = {Google},
  title = {Understanding Application Quotas with Google App Engine},
  year = {2008},
  howpublished = {\\{\footnotesize\textsc{url:}}\url{http://code.google.com/intl/da/appengine/articles/quotas.html}},
  note = {\\{\footnotesize [Online; accessed 3-January-2009]}}
}

@misc{Google:transactions,
  author = {Google},
  title = {Transactions}
  year = {2009},
  howpublished = {\\{\footnotesize\textsc{url:}}\url{http://code.google.com/appengine/docs/python/datastore/transactions.html}},
  note = {\\{\footnotesize [Online; accessed 27-April-2009]}}
}

@misc{Google:cron,
  author = {Google},
  title = {Scheduled Tasks With Cron for Python},
  howpublished = {\\{\footnotesize\textsc{url:}}\url{http://code.google.com/appengine/docs/python/config/cron.html}},
  year = {2009},
  note = {\\{\footnotesize [Online; accessed 23-June-2009]}}
}


@misc{Google:iodatastore,
  author = {R. Barrett},
  title = {Under the Covers of the Google App Engine Datastore},
  year = {2008},
  howpublished = {\\{\footnotesize\textsc{url:}}\url{http://sites.google.com/site/io/}},
  note = {\\{\footnotesize [Online; accessed 5-January-2009]}}
}

@misc{Google:djangohelper,
  author = {M. Brown},
  title = {Using the Google App Engine Helper for Django},
  year = {2008},
  howpublished = {\\{\footnotesize\textsc{url:}}\url{http://code.google.com/intl/da/appengine/articles/appengine_helper_for_django.html}}, 
  note = {\\{\footnotesize [Online; accessed 3-January-2009]}}
}


@misc{django:templates,
  author = {Django},
  title = {The Django template language},
  howpublished = {\\{\footnotesize\textsc{url:}}\url{http://docs.djangoproject.com/en/dev/topics/templates/}}, 
  year = {2009},
  note = {\\{\footnotesize [Online; accessed 3-January-2009]}}
}

@misc{GAE:djangopatch,
  author = {W. Kornewal},
  title = {app-engine-patch},
  howpublished = {\\{\footnotesize \textsc{url:}}\url{http://code.google.com/p/app-engine-patch/}},
  year = {2009},
  note = {\\{\footnotesize [Online; accessed 2-February-2009]}}
}

@misc{w3:HTTP,
  author = {R. Fielding and J. Gettys and J. Mogul and H. Frystyk and L. Masinter and P. Leach and T. Berners-Lee},
  title = {Hypertext Transfer Protocol -- HTTP/1.1},
  year = {1999},
  howpublished =  {\\{\footnotesize \textsc{url:}}\url{http://www.w3.org/Protocols/rfc2616/rfc2616}},
  note = {\\{\footnotesize [Online; accessed 18-February-2009]}}
}


@misc{nielsen:frames,
  author = {J. Nielsen},
  title = {Why Frames Suck (Most of the Time)},
  howpublished =  {\\{\footnotesize \textsc{url:}}\url{http://www.useit.com/alertbox/9612.html}},
  year = {1996},
  note = {\\{\footnotesize [Online; accessed 11-March-2009]}}
}

@misc{w3:ws-glos,
  author = {H. Haas and A. Brown and Web Services Architecture Working Group},
  title = {Web Services Glossary},
  howpublished =  {\\{\footnotesize \textsc{url:}}\url{http://www.w3.org/TR/ws-gloss/}},
  year = {2004},
  note = {\\{\footnotesize [Online; accessed 12-March-2009]}}
}
@misc{ajax:coined,
  author = {J. Garett},
  title = {Ajax: A New Approach to Web Applications},
  howpublished =  {\\{\footnotesize \textsc{url:}}\url{http://adaptivepath.com/ideas/essays/archives/000385.php}},
  year = {2005},
  note = {\\{\footnotesize [Online; accessed 13-March-2009]}}
}
@misc{json:fat-free,
  author = {D. Crockford},
  title = {JSON: The Fat-Free Alternative to XML},
  howpublished =  {\\{\footnotesize \textsc{url:}}\url{http://www.json.org/fatfree.html}},
  year = {2006},
  note = {\\{\footnotesize [Online; accessed 17-March-2009]}}
}

@misc{wiki:geohash,
  author = {Wikipedia},
  title = {Geohash},
  year = {2009},
  howpublished =  {\\{\footnotesize \textsc{url:}}\url{http://en.wikipedia.org/wiki/Geohash}},
  note = {\\{\footnotesize [Online; accessed 26-March-2009]}}
}
@misc{browsersec:part2,
  author = {M. Zalewski},
  title = {Browser Security Handbook, part 2},
  year = {2008},
  howpublished =  {\\{\footnotesize \textsc{url:}}\url{http://code.google.com/p/browsersec/wiki/Part2}},
  note = {\\{\footnotesize [Online; accessed 6-April-2009]}}
}

@misc{w3:HTML,
  author = {D. Raggett and A. Le Hors and I. Jacobs},
  title = {HTML 4.01 Specification, Forms},
  year = {1999},
  howpublished = {\\{\footnotesize \textsc{url:}}\url{http://www.w3.org/TR/html401/interact/forms.html}},
  note = {\\{\footnotesize [Online; accessed 5-May-2009]}}
}

@misc{w3:geo_api,
  author = {A. Popescu},
  title = {Geolocation API Specification},
  year = {2008},
  howpublished = {\\{\footnotesize \textsc{url:}}\url{http://www.w3.org/TR/geolocation-API/}},
  note = {\\{\footnotesize [Online; accessed 9-June-2009]}}
}

@misc{sun:lbs,
  author = {Q. H. Mahmoud},
  title = {J2ME and Location-Based Services},
  year = {2004},
  howpublished = {\\{\footnotesize \textsc{url:}}\url{http://developers.sun.com/mobility/apis/articles/location/}},
  note = {\\{\footnotesize [Online; accessed 9-June-2009]}}
}

@book{math:stewart,
  author = {J. Stewart},
  title = {Calculus, concepts and contexts},
  year = {2001},
  publisher = {Thomson Learning},
  edition = {second}
}

@misc{mob:detection,
  author = {A. Moore},
  title = {Detect Mobile User Agents and Browsers},
  year = {2009},
  howpublished = {\\{\footnotesize\textsc{url:}}\url{http://detectmobilebrowsers.mobi/}},
  note =  {\\{\footnotesize [Online; accessed 3-June-2009]}}
}

@misc{google:geo,
  author = {Google},
  title = {Geocoding},
  year = {2009},
  howpublished = {\\{\footnotesize\textsc{url:}}\url{http://code.google.com/apis/maps/documentation/geocoding/index.html}},
  note =  {\\{\footnotesize [Online; accessed 13-June-2009]}}
}

@misc{w3c:mobile,
  author = {J. Rabin and C. McCathieNevile},
  title = {Mobile Web Best Practices 1.0},
  year = {2008},
  howpublished = {\\{\footnotesize\textsc{url:}}\url{http://www.w3.org/TR/mobile-bp/}},
  note =  {\\{\footnotesize [Online; accessed 13-June-2009]}}
}

@misc{infoq:rest_ts,
  author = {M. Little},
  title = {REST and transactions?},
  year = {2009},
  howpublished = {\\{\footnotesize\textsc{url:}}\url{http://www.infoq.com/news/2009/06/rest-ts}},
  note =  {\\{\footnotesize [Online; accessed 18-June-2009]}}
}

@misc{wiki:xhr,
  author = {Wikipedia},
  title = {XMLHttpRequest},
  year = {2009},
  howpublished = {\\{\footnotesize\textsc{url:}}\url{http://en.wikipedia.org/wiki/Xmlhttprequest}},
  note =  {\\{\footnotesize [Online; accessed 18-June-2009]}}
}

@misc{wiki:sphericallawofcosines,
  author = {Wikipedia},
  title = {Spherical law of cosines},
  year = {2009},
  howpublished = {\\{\footnotesize\textsc{url:}}\url{http://en.wikipedia.org/wiki/Spherical_law_of_cosines}},
  note =  {\\{\footnotesize [Online; accessed 19-June-2009]}}
}

@inproceedings{rtree:guttman,
  author    = {A. Guttman},
  title     = {R-Trees: A Dynamic Index Structure for Spatial Searching},
  booktitle = {SIGMOD Conference},
  year      = {1984},
  pages     = {47-57},
  ee        = {http://doi.acm.org/10.1145/602259.602266},
}

@article{linearquadtree:gargantini,
 author = {I. Gargantini},
 title = {An effective way to represent quadtrees},
 journal = {Commun. ACM},
 volume = {25},
 number = {12},
 year = {1982},
 issn = {0001-0782},
 pages = {905--910},
 doi = {http://doi.acm.org/10.1145/358728.358741},
 publisher = {ACM},
 address = {New York, NY, USA},
 }

@article{constantlqtree:aizawa,
author = {K. Aizawa and S. Tanaka},
title = {A Constant-Time Algorithm for Finding Neighbors in Quadtrees},
journal ={IEEE Transactions on Pattern Analysis and Machine Intelligence},
volume = {31},
number = {7},
issn = {0162-8828},
year = {2009},
pages = {1178-1183},
doi = {http://doi.ieeecomputersociety.org/10.1109/TPAMI.2008.145},
publisher = {IEEE Computer Society},
address = {Los Alamitos, CA, USA},
}

@article{quadtree:finkel,
  author    = {R. A. Finkel and
               J. L. Bentley},
  title     = {Quad Trees: A Data Structure for Retrieval on Composite
               Keys},
  journal   = {Acta Inf.},
  volume    = {4},
  year      = {1974},
  pages     = {1-9}
}

@misc{geohash:neighbors,
  author = {David Troy},
  title = {geohash-js},
  year = {2009},
  howpublished = {\\{\footnotesize\textsc{url:}}\url{http://github.com/davetroy/geohash-js/tree/master}},
  note =  {\\{\footnotesize [Online; accessed 22-June-2009]}}
}

@misc{survey:windsurfers,
  author = {C. Brooks},
  title = {National Data on Windsurfers},
  year = {1994},
  howpublished = {\\{\footnotesize\textsc{url:}}\url{http://www.uswindsurfing.org/usw_library/other/wf_market_94%20.pdf}},
  note =  {\\{\footnotesize [Online; accessed 1-February-2009]}}
}

@article{sfc:lawder, 
	author = {J. K. Lawder and P. J. H. King},
	journal = {Lecture Notes in Computer Science},
	keywords = {index, query, sfc, tree},
	pages = {20--35},
	priority = {0},
	title = {Using Space-Filling Curves for Multi-dimensional Indexing},
	url = {http://citeseerx.ist.psu.edu/viewdoc/summary?doi=10.1.1.37.3138},
	volume = {1832},
	year = {2000}
}

@article{btree:bayer72,
  author    = {R. Bayer and
               E. M. McCreight},
  title     = {Organization and Maintenance of Large Ordered Indices},
  journal   = {Acta Inf.},
  volume    = {1},
  year      = {1972},
  pages     = {173-189},
  bibsource = {DBLP, http://dblp.uni-trier.de}
}

@article{multidimensionalaccess:Gaede97,
    author = {V. Gaede and O. Günther},
    title = {Multidimensional Access Methods},
    journal = {ACM Computing Surveys},
    year = {1997},
    volume = {30},
    pages = {170--231}
}

@misc{wiki:z_order,
  author = {Wikipedia},
  title = {Z-order},
  year = {2009},
  howpublished = {\\{\footnotesize\textsc{url:}}\url{http://en.wikipedia.org/wiki/Z-order_(curve)}},
  note =  {\\{\footnotesize [Online; accessed 22-June-2009]}}
}

@book{db:Garcia-Molina:08,
	author = {H. Garcia-Molina and J. D. Ullman and J. Widom},
	edition = {2.International Ed},
	isbn = {0131354280},
	keywords = {database, textbook},
	month = {August},
	priority = {2},
	publisher = {Pearson Education (US)},
	title = {Database Systems: The Complete Book},
	year = {2008}
}

@misc{json:yahoo,
  author = {Yahoo},
  title = {Using JSON (JavaScript Object Notation) with Yahoo! Web Services},
  howpublished = {\\{\footnotesize\textsc{url:}}\url{http://developer.yahoo.com/common/json.html}},
  year = {2009},
  note =  {\\{\footnotesize [Online; accessed 22-June-2009]}}
}

@misc{json:google,
  author = {A. Russell},
  title = {Comet: Low Latency Data for the Browser},
  howpublished = {\\{\footnotesize\textsc{url:}}\url{http://alex.dojotoolkit.org/2006/03/comet-low-latency-data-for-the-browser/}},
  year = {2006},
  note =  {\\{\footnotesize [Online; accessed 25-June-2009]}}
}

@book{Gamma:1995,
  author = {E. Gamma and R. Helm and R. Johnson and J. Vlissides},
  priority = {0},
  publisher = {Addison-Wesley Professional},
  title = {Design patterns: elements of reusable object-oriented software},
  year = {1995}
}

@misc{json:defined,
  author = {B. Ippolito},
  title = {Remote JSON -- JSONP},
  howpublished = {\\{\footnotesize\textsc{url:}}\url{http://bob.pythonmac.org/archives/2005/12/05/remote-json-jsonp/}},
  year = {2005},
  note =  {\\{\footnotesize [Online; accessed 26-June-2009]}}
}


@misc{haver:veness,
  author = {C. Veness},
  title = {Calculate distance, bearing and more between two Latitude/Longitude points},
  howpublished = {\\{\footnotesize\textsc{url:}}\url{http://www.movable-type.co.uk/scripts/latlong.html}},
  year = {2007},
  note =  {\\{\footnotesize [Online; accessed 20-June-2009]}}
}

@book{mat3,
  author = {E. Kristensen and O. Rindung},
  publisher = {G.E.C.Gads Forlag},
  title = {Matematik 3},
  year = {1967}
}

@misc{geohash:erle,
  author = {S. Erle},
  title = {Implementation of \verb|http://en.wikipedia.org/wiki/Geohash|},
  year = {2008},
  howpublished = {\\{\footnotesize\textsc{url:}}\url{http://mappinghacks.com/code/geohash.py.txt}},
  note =  {\\{\footnotesize [Online; accessed 20-June-2009]}}
}

@misc{geohash:norrgard,
  author = {L. Norrgard},
  title = {Geohash 1.0rc1},
  year = {2008},
  howpublished = {\\{\footnotesize\textsc{url:}}\url{http://pypi.python.org/pypi/Geohash/}},
  note =  {\\{\footnotesize [Online; accessed 20-June-2009]}}
}

@misc{programmableweb:faq,
  author = {programmableweb},
  title = {Frequently Asked Questions},
  year = {2009},
  howpublished = {\\{\footnotesize\textsc{url:}}\url{http://www.programmableweb.com/faq}},
  note =  {\\{\footnotesize [Online; accessed 1-June-2009]}}
}
@article{noaa:datareport,
    author = {P. Weiss},
    title = {Borders in Cyberspace: Conflicting Public Sector Information Policies and their Economic Impacts},
    year = {2002},
    howpublished = {\\{\footnotesize\textsc{url:}}\url{http://www.weather.gov/sp/Borders_report.pdf}},
    note =  {\\{\footnotesize [Online; accessed 1-June-2009]}}
}

@misc{ECMA,
  author = {Ecma},
  title = {Standard ECMA-262},
  year = {1999},
  howpublished = {\\{\footnotesize\textsc{url:}}\url{http://www.ecma-international.org/publications/files/ECMA-ST/ECMA-262.pdf}},
  note =  {\\{\footnotesize [Online; accessed 1-June-2009]}}
}


